@book{KeR88
  , author    = {B.W. Kernighan and D.M. Ritchie}
  , title     = {The C Programming Language (ANSI C)}
  , edition   = {2nd}
  , publisher = {Prentice Hall Software series}
  , year      = {1988}
  , keywords  = {Programming, Imperative}
}

@book{GRM97
  , title     = {The LaTeX Graphics Companion}
  , author    = {Michel Goossens and Sebastian Rahtz and Frank Mittelbach}
  , publisher = {Addison-Wesley}
  , year      = {1997}
  , note      = {ISBN 0-201-85469-4}
  , keywords  = {LaTeX, Programming, Graphics}
}

@article{carvalho2015optimization,
  title                 = {Optimization of AlSi--CNTs functionally graded material composites for engine piston rings},
  author                = {Carvalho, O and Buciumeanu, M and Madeira, S and Soares, D and Silva, FS and Miranda, G},
  journal               = {Materials \& Design},
  volume                = {80},
  pages                 = {163--173},
  year                  = {2015},
  publisher             = {Elsevier},
  keywords              = {FGMs, CNTs, AlSi, Static properties, Fatigue life, Wear}
}

@book{bruegge2004object,
  title     = {Object-Oriented Software Engineering Using UML, Patterns and Java-(Required)},
  author    = {Bruegge, Bernd and Dutoit, Allen H},
  volume    = {2004},
  year      = {2004},
  publisher = {Prentice Hall},
  keywords  = {Object-Oriented Software Engineering, UML, Java}
}

@article{thompson2015overview,
  title     = {An overview of Direct Laser Deposition for additive manufacturing; Part I: Transport phenomena, modeling and diagnostics},
  author    = {Thompson, Scott M and Bian, Linkan and Shamsaei, Nima and Yadollahi, Aref},
  journal   = {Additive Manufacturing},
  volume    = {8},
  pages     = {36--62},
  year      = {2015},
  publisher = {Elsevier},
  keywords  = {Direct Laser Deposition (DLD), Additive manufacturing (AM), Heat
    transfer, Thermal monitoring, Melt pool, review}
}

@article{shamsaei2015overview,
  title     = {An overview of Direct Laser Deposition for additive manufacturing; Part II: Mechanical behavior, process parameter optimization and control},
  author    = {Shamsaei, Nima and Yadollahi, Aref and Bian, Linkan and Thompson, Scott M},
  journal   = {Additive Manufacturing},
  volume    = {8},
  pages     = {12--35},
  year      = {2015},
  publisher = {Elsevier},
  keywords  = {Direct Laser Deposition (DLD), Additive manufacturing (AM),
    Microstructure, Fatigue Behavior, Process Control, review}
}

@article{tadjdeh2014navy,
  title   = {Navy beefs up 3D printing efforts with new ‘Print the Fleet’program},
  author  = {Tadjdeh, Yasmin},
  journal = {National Defense},
  volume  = {99},
  number  = {731},
  pages   = {24--26},
  year    = {2014},
  keywords = {3D printing, navy}
}

@article{foust2012development,
  title   = {Development of the GE aviation low emissions TAPS combustor for next generation aircraft engines},
  author  = {Foust, Michael J and Thomsen, Doug and Stickles, Rick and Cooper, Clay and Dodds, Will},
  journal = {AIAA Paper},
  volume  = {936},
  pages   = {2012},
  year    = {2012},
  keywords = {combustor, aviation, design}
}

@article{dalgarno2001production,
  title     = {Production tooling for polymer moulding using the RapidSteel process},
  author    = {Dalgarno, Kenny and Stewart, Todd},
  journal   = {Rapid Prototyping Journal},
  volume    = {7},
  number    = {3},
  pages     = {173--179},
  year      = {2001},
  publisher = {MCB UP Ltd},
  keywords = {Rapid tooling, production, moulding}
}

@article{rannar2007efficient,
  title               = {Efficient cooling with tool inserts manufactured by electron beam melting},
  author              = {R{\"a}nnar, Lars-Erik and Glad, Anders and Gustafson,
    Claes-G{\"o}ran},
      journal         = {Rapid Prototyping Journal},
  volume              = {13},
  number              = {3},
  pages               = {128--135},
  year                = {2007},
  publisher           = {Emerald Group Publishing Limited},
  keywords = {Rapid prototyping, cooling, cooling equipment, simulation}
}

@article{murr2010next,
  title     = {Next-generation biomedical implants using additive manufacturing of complex, cellular and functional mesh arrays},
  author    = {Murr, LE and Gaytan, SM and Medina, F and Lopez, H and Martinez, E and Machado, BI and Hernandez, DH and Martinez, L and Lopez, MI and Wicker, RB and others},
  journal   = {Philosophical Transactions of the Royal Society of London A: Mathematical, Physical and Engineering Sciences},
  volume    = {368},
  number    = {1917},
  pages     = {1999--2032},
  year      = {2010},
  publisher = {The Royal Society},
  keywords = {biomedical mesh and foam arrays, implants, electron beam melting, materials characterization, elastic modulus measurement}
}

@article{vayre2012metallic,
  title     = {Metallic additive manufacturing: state-of-the-art review and prospects},
  author    = {Vayre, Benjamin and Vignat, Fr{\'e}d{\'e}ric and Villeneuve, Fran{\c{c}}ois},
  journal   = {Mechanics \& Industry},
  volume    = {13},
  number    = {2},
  pages     = {89--96},
  year      = {2012},
  publisher = {EDP Sciences},
  keywords = {review, rapid manufacturing, additive manufacturing, Laser Sintering, Laser Melting, Electron Beam Melting, Direct Metal Deposition}
}

@article{purtonen2014monitoring,
  title     = {Monitoring and adaptive control of laser processes},
  author    = {Purtonen, Tuomas and Kalliosaari, Anne and Salminen, Antti},
  journal   = {Physics Procedia},
  volume    = {56},
  pages     = {1218--1231},
  year      = {2014},
  publisher = {Elsevier},
  keywords = {process monitoring, closed loop control, laser cladding, laser
    welding, directed energy deposition, powder bed fusion, laser additive manufacturing}
}

@article{salehi2006melt,
  title     = {Melt pool temperature control using LabVIEW in Nd: YAG laser blown powder cladding process},
  author    = {Salehi, D and Brandt, M},
  journal   = {The international journal of advanced manufacturing technology},
  volume    = {29},
  number    = {3},
  pages     = {273--278},
  year      = {2006},
  publisher = {Springer},
  keywords = {Cladding, Hastelloy C powder, LabVIEW, monitoring, Nd:YAG laser}
}

@article{vaezi2013multiple,
  title     = {Multiple material additive manufacturing--Part 1: a review: this review paper covers a decade of research on multiple material additive manufacturing technologies which can produce complex geometry parts with different materials},
  author    = {Vaezi, Mohammad and Chianrabutra, Srisit and Mellor, Brian and Yang, Shoufeng},
  journal   = {Virtual and Physical Prototyping},
  volume    = {8},
  number    = {1},
  pages     = {19--50},
  year      = {2013},
  publisher = {Taylor \& Francis},
  keywords = {review, additive manufacturing, multi-material additive
    manufacturing, 3D printing, rapid prototyping}
}

@article{wohlers2011wohlers,
  title   = {Wohlers Report 2011: Additive Manufacturing and 3D Printing, State of the lndustry, Wohlers Associates, Ft},
  author  = {Wohlers, Terry},
  journal = {Collins, CO},
  year    = {2011},
  keywords = {additive manufacturing, 3D printing, industry}
}

@article{chiu2008direct,
  title                = {Direct digital manufacturing of three-dimensional functionally graded material objects},
  author               = {Chiu, WK and Yu, KM},
  journal              = {Computer-Aided Design},
  volume               = {40},
  number               = {12},
  pages                = {1080--1093},
  year                 = {2008},
  publisher            = {Elsevier},
  keywords = {direct digital manufacturing, FGM, 3DP, CMY color model, binder
    concentration}
}

@article{ponche2014novel,
  title     = {A novel methodology of design for Additive Manufacturing applied to Additive Laser Manufacturing process},
  author    = {Ponche, Remi and Kerbrat, Olivier and Mognol, Pascal and Hascoet, Jean-Yves},
  journal   = {Robotics and Computer-Integrated Manufacturing},
  volume    = {30},
  number    = {4},
  pages     = {389--398},
  year      = {2014},
  publisher = {Elsevier},
  keywords = {design methodology, additive manufacturing, numerical chain,
    manufacturing path, numerical modelling, additive laser manufacturing}
}

@article{chivel2016new,
  title     = {New Approach to Multi-material Processing in Selective Laser Melting},
  author    = {Chivel, Yuri},
  journal   = {Physics Procedia},
  volume    = {83},
  pages     = {891--898},
  year      = {2016},
  publisher = {Elsevier},
  keywords = {multi-material, selective laser melting, cleaning system,
    dissimilar material, particles diameter}
}

@article{chiu2000multiple,
  title     = {Multiple material objects: from CAD representation to data format for rapid prototyping},
  author    = {Chiu, WK and Tan, ST},
  journal   = {Computer-aided design},
  volume    = {32},
  number    = {12},
  pages     = {707--717},
  year      = {2000},
  publisher = {Elsevier},
  keywords = {multi-material, boundary representation, STL file}
}

@article{siu2002source,
  title     = {'Source-based' heterogeneous solid modeling},
  author    = {Siu, YK and Tan, ST},
  journal   = {Computer-Aided Design},
  volume    = {34},
  number    = {1},
  pages     = {41--55},
  year      = {2002},
  publisher = {Elsevier},
  keywords = {Heterogeneous object, Solid modeling, Modeling operations, FGM}
}

@phdthesis{jackson2000analysis,
  author = {Jackson, Todd Robert},
  title  = {Analysis of functionally graded material object representation methods},
  school = {Massachusetts Institute of Technology},
  year   = {2000},
  keywords = {represention methods of FGM, solid freeform fabrication, image
    processing}
}

@article{patil2002proposed,
  title     = {A proposed standards-based approach for representing heterogeneous objects for layered manufacturing},
  author    = {Patil, Lalit and Dutta, Debasish and Bhatt, Amba D and Jurrens, K and Lyons, K and Pratt, MJ and Sriram, Ram D},
  journal   = {Rapid Prototyping Journal},
  volume    = {8},
  number    = {3},
  pages     = {134--146},
  year      = {2002},
  publisher = {MCB UP Ltd},
  keywords = {representation of heterogeneous objects (multi-material), solid
    freeform fabrication}
}

@article{gu2012laser,
  title     = {Laser additive manufacturing of metallic components: materials, processes and mechanisms},
  author    = {Gu, DD and Meiners, Wilhelm and Wissenbach, Konrad and Poprawe, Reinhart},
  journal   = {International materials reviews},
  volume    = {57},
  number    = {3},
  pages     = {133--164},
  year      = {2012},
  publisher = {Taylor \& Francis}
}

@article{xiao2008numerical,
  title     = {Numerical simulation of direct metal laser sintering of single-component powder on top of sintered layers},
  author    = {Xiao, Bin and Zhang, Yuwen},
  journal   = {Journal of Manufacturing Science and Engineering},
  volume    = {130},
  number    = {4},
  pages     = {041002},
  year      = {2008},
  publisher = {American Society of Mechanical Engineers},
  keywords = {direct metal laser sintering, powder technology, numerical
    simulation, finite volume method}
}

@article{dai2004thermal,
  title     = {Thermal and mechanical finite element modeling of laser forming from metal and ceramic powders},
  author    = {Dai, K and Shaw, L},
  journal   = {Acta Materialia},
  volume    = {52},
  number    = {1},
  pages     = {69--80},
  year      = {2004},
  publisher = {Elsevier},
  keywords = {Solid freeform fabrication, Dental restoration, Laser processing,
    Finite element modeling, Thermal and stress analyses, Powder melting and solidification}
}

@article{he2007transport,
  title     = {Transport phenomena during direct metal deposition},
  author    = {He, X and Mazumder, J},
  journal   = {Journal of Applied Physics},
  volume    = {101},
  number    = {5},
  pages     = {053113},
  year      = {2007},
  publisher = {AIP},
  keywords = {direct metal deposition, mathematical modeling}
}

@article{he2009temperature,
  title     = {Temperature and composition profile during double-track laser cladding of H13 tool steel},
  author    = {He, X and Yu, G and Mazumder, J},
  journal   = {Journal of Physics D: Applied Physics},
  volume    = {43},
  number    = {1},
  pages     = {015502},
  year      = {2009},
  publisher = {IOP Publishing},
  keywords = {multi-track laser cladding, numerical simulation, H13 tool steel}
}

@article{manthiram1993nanophase,
  title     = {Nanophase materials in solid freeform fabrication},
  author    = {Manthiram, A and Bourell, DL and Marcus, HL},
  journal   = {JOM Journal of the Minerals, Metals and Materials Society},
  volume    = {45},
  number    = {11},
  pages     = {66--70},
  year      = {1993},
  publisher = {Springer},
  keywords = {solid freeform fabrication, nanophase materials, conceptual design
  of nanocomposite systems}
}

@article{asgharzadeh2005effect,
  title     = {Effect of sintering atmosphere and carbon content on the densification and microstructure of laser-sintered M2 high-speed steel powder},
  author    = {Asgharzadeh, H and Simchi, A},
  journal   = {Materials Science and Engineering: A},
  volume    = {403},
  number    = {1},
  pages     = {290--298},
  year      = {2005},
  publisher = {Elsevier},
  keywords = {Direct metal laser sintering, M2 high-speed steel, Densification,
    Microstructure, Sintering atmosphere}
}

% https://tex.stackexchange.com/questions/3587/how-can-i-use-bibtex-to-cite-a-web-page
@misc{Slic3r,
  author       = {Ranellucci, Alessandro},
  title        = {{Slic3r} - G-code generator for 3D printers},
  howpublished = {\url{http://slic3r.org/}},
  year         = {2011},
  note         = {accessed: 2017-09-25},
  keywords = {slicing, software}
}

@misc{svg_spec,
  author       = {W3C},
  title        = {{Scalable Vector Graphics (SVG) 1.1.} - Second Edition},
  howpublished = {\url{https://www.w3.org/TR/2011/REC-SVG11-20110816}},
  year         = {2011},
  note         = {accessed: 2017-09-25},
  keywords = {scalable vector graphics}
}
@misc{stott2014chinese,
  author       = {R. Scott},
  title        = {{Chinese Company Showcases Ten 3D-Printed Houses, ArchDaily}},
  howpublished =
  {\url{http://www.archdaily.com/543518/chinese-company-showcases-ten-3d-printed-houses}},
  year         = {2014},
  note         = {accessed: 2017-09-25},
  keywords = {3D printing of houses}
}

@article{sommerville1996software,
  title={Software process models},
  author={Sommerville, Ian},
  journal={ACM computing surveys (CSUR)},
  volume={28},
  number={1},
  pages={269--271},
  year={1996},
  publisher={ACM}
}

@article{cusumano1995beyond,
  title={Beyond the waterfall: Software development at Microsoft},
  author={Cusumano, Michael A and Smith, Stanley A},
  year={1995},
  publisher={Sloan School of Management, Massachusetts Institute of Technology]}
}

@article{vasic2008standard,
  title={Standard industrial guideline for mechatronic product design},
  author={Vasi{\'c}, Vasilije S and Lazarevi{\'c}, Mihailo P},
  journal={FME Transactions},
  volume={36},
  number={3},
  pages={103--108},
  year={2008}
}

@inproceedings{gausemeier2003new,
  title={NEW GUIDELINE VDI 2206-A FLEXIBLE PROCEDURE MODEL FOR THE DESIGN OF MECHATRONIC SYSTEMS},
  author={Gausemeier, J{\"u}rgen and Moehringer, Stefan},
  booktitle={DS 31: Proceedings of ICED 03, the 14th International Conference on Engineering Design, Stockholm},
  year={2003}
}

@article{harashima1996mechatronics,
  title={Mechatronics-" What Is It, Why, and How?" An Editorial},
  author={Harashima, Fumio and Tomizuka, Masayoshi and Fukuda, Toshio},
  journal={IEEE/ASME Transactions on Mechatronics},
  volume={1},
  number={1},
  pages={1--4},
  year={1996},
  publisher={IEEE}
}
@article{van1996mechatronics,
  title={Mechatronics-a powerful concurrent engineering framework},
  author={Van Brussel, Hendrik MJ},
  journal={IEEE/ASME Transactions on mechatronics},
  volume={1},
  number={2},
  pages={127--136},
  year={1996},
  publisher={IEEE}
}

@article{daenzer1994systems,
  title={Systems Engineering--Methoden und Praxis. 8. verbesserte Auflage},
  author={Daenzer, Walter F and Huber, Fritz},
  journal={Verlag Industrielle Organisation},
  year={1994}
}

@article{von1986group,
  title={The group as a self-active system: Outline of a theory of group action},
  author={Von Cranach, Mario and Ochsenbein, Guy and Valach, Ladislav},
  journal={European Journal of social psychology},
  volume={16},
  number={3},
  pages={193--229},
  year={1986},
  publisher={Wiley Online Library}
}

@book{brohl1993v,
  title={Das V-Modell: Der Standard f{\"u}r die Softwareentwicklung mit Praxisleitfaden},
  author={Br{\"o}hl, Adolf-Peter},
  year={1993},
  publisher={Oldenbourg}
}

@article{isermann2008mechatronic,
  title={Mechatronic systems—innovative products with embedded control},
  author={Isermann, Rolf},
  journal={Control Engineering Practice},
  volume={16},
  number={1},
  pages={14--29},
  year={2008},
  publisher={Elsevier}
}

@phdthesis{peek2016making,
  title={Making machines that make: object-oriented hardware meets object-oriented software},
  author={Peek, Nadya Nadya Meile},
  year={2016},
  school={Massachusetts Institute of Technology}
}

@article{nise2011control,
  title={Control system engineering, John Wiley \& Sons},
  author={Nise, Norman S},
  journal={Inc, New York},
  year={2011}
}

@book{aastrom2006advanced,
  title={Advanced PID control},
  author={{\AA}str{\"o}m, Karl Johan and H{\"a}gglund, Tore},
  year={2006},
  publisher={ISA-The Instrumentation, Systems and Automation Society}
}

@misc{reprap2016pid,
  author       = {Reprap},
  title        = {{PID tuning}},
  howpublished = {\url{http://reprap.org/wiki/PID_Tuning}},
  year         = {2016},
  note         = {accessed: 2017-11-25},
  keywords = {reprap, pid, 3d printing}
}

@misc{slic3r2018repo,
  author       = {Alessandro Ranelluci},
  title        = {{Slic3r Github repository}},
  howpublished = {\url{https://github.com/slic3r/Slic3r}},
  year         = {2011},
  note         = {accessed: 2018-05-25},
  keywords = {slicer, 3d printing}
}

@misc{slic3r2018svgviewer,
  author       = {Gary Hodgson},
  title        = {{Slic3r SVG viewer}},
  howpublished = {\url{http://garyhodgson.github.io/slic3rsvgviewer}},
  year         = {2016},
  note         = {accessed: 2018-05-30},
  keywords = {slicer, 3d printing}
}
@misc{svgpath2018,
  author       = {W3C},
  title        = {{SVG Path}},
  howpublished = {\url{https://www.w3schools.com/graphics/svg_path.asp}},
  year         = {2016},
  note         = {accessed: 2018-06-05},
  keywords = {slicer, 3d printing}
}

@book{gregory1998special,
  title={Special edition using visual C++ 6},
  author={Gregory, Kate},
  year={1998},
  publisher={Que USA}
}
@misc{42BYGHW811,
  author       = {Wantai},
  title        = {{Wantai Mini Stepper Product Specifications}},
  howpublished = {\url{https://www.reprap.pt/images/42BYGHW811.pdf}},
  year         = {2016},
  note         = {accessed: 2019-25-05},
  keywords = {3d printing, electronics}
}
@misc{31306-MS,
  author       = {MPJA},
  title        = {{31306-MS datasheet}},
  howpublished = {\url{https://www.mpja.com/download/31306ms.pdf}},
  year         = {2016},
  note         = {accessed: 2019-25-05},
  keywords = {electronics}
}
@article{wang2002direct,
author = {Wang, X. and Laoui, Tahar and Bonse, J. and Kruth, Jean-Pierre and Lauwers, Bert and Froyen, L.},
year = {2002},
month = {03},
pages = {351-357},
title = {Direct Selective Laser Sintering of Hard Metal Powders: Experimental Study and Simulation},
volume = {19},
journal = {International Journal of Advanced Manufacturing Technology},
doi = {10.1007/s001700200024}
}
@misc{freecad,
  author       = {FreeCAD team},
  title        = {{FreeCAD: 3D parametric modeler}},
  howpublished = {\url{https://www.freecadweb.org/}},
  year         = {2016},
  note         = {accessed: 2019-10-31},
  keywords = {cad}
}
@misc{grbl,
  author       = {Grbl team},
  title        = {{Grbl: Open-source CNC G-Code parser and controller}},
  howpublished = {\url{https://github.com/gnea/grbl/wiki}},
  year         = {2019},
  note         = {accessed: 2019-10-31},
  keywords = {cad}
}
@book{fowler2010domain,
  title={Domain-specific languages},
  author={Fowler, Martin},
  year={2010},
  publisher={Pearson Education}
}
@misc{markup2019webster,
  author       = {Merriam-Webster},
  title        = {{Markup language defintion}},
  howpublished = {\url{https://www.merriam-webster.com/dictionary/markup\%20language}},
  year         = {2019},
  note         = {accessed: 2019-10-31},
  keywords = {cad}
}
@misc{svg2Specs,
  author       = {World Wide Web Consortium (W3C)},
  title        = {{Scalable Vector Graphics (SVG) 2: W3C Candidate Recommendation 04 October 2018}},
  howpublished = {\url{https://www.w3.org/TR/SVG2/}},
  year         = {2019},
  note         = {accessed: 2019-05-31},
  keywords = {cad}
}
https://www.w3.org/TR/SVG2/

@article{rinku2013design,
  title={DESIGN AND IMPLEMENTATION OF FREE RTOS BASED ONLINE DATA ACQUISITION AND CONTROLLING SYSTEM USING CORTEX M3CORE},
  author={Rinku, Dhruva R},
  year={2013},
  publisher={Citeseer}
}
